@article{liu2007survey,
  title={Survey of wireless indoor positioning techniques and systems},
  author={Liu, Hui and Darabi, Houshang and Banerjee, Pat and Liu, Jing},
  journal={IEEE Transactions on Systems, Man, and Cybernetics, Part C (Applications and Reviews)},
  volume={37},
  number={6},
  pages={1067--1080},
  year={2007},
  publisher={IEEE}
}

@article{silvasistema,
  title={Sistema Mobile para Localiza{\c{c}}{\~a}o Indoor usando Tratamento de Posi{\c{c}}{\~a}o e Corre{\c{c}}{\~a}o de Rota},
  author={Silva, C{\'e}sar D and Komati, Karin S and Trindade, Daniel R}
}

@article{curran2011evaluation,
  title={An evaluation of indoor location determination technologies},
  author={Curran, Kevin and Furey, Eoghan and Lunney, Tom and Santos, Jose and Woods, Derek and McCaughey, Aiden},
  journal={Journal of Location Based Services},
  volume={5},
  number={2},
  pages={61--78},
  year={2011},
  publisher={Taylor \& Francis}
}

@inproceedings{ohara2017metric,
  title={Metric structure from motion by indoor localization using Wi-Fi channel state information},
  author={Ohara, Kazuya and Hayashi, Taisei and Maekawa, Takuya and Matsushita, Yasuyuki},
  booktitle={Mechatronics and Automation (ICMA), 2017 IEEE International Conference on},
  pages={352--357},
  year={2017},
  organization={IEEE}
}

